@article{dehghan2019counting,
  title={Counting Short Cycles in Bipartite Graphs: A Fast Technique/Algorithm and a Hardness Result},
  author={Dehghan, Ali and Banihashemi, Amir H},
  journal={IEEE Transactions on Communications},
  volume={68},
  number={3},
  pages={1378--1390},
  year={2019},
  publisher={IEEE}
}

@article{karimi2012message,
  title={Message-passing algorithms for counting short cycles in a graph},
  author={Karimi, Mehdi and Banihashemi, Amir H},
  journal={IEEE transactions on communications},
  volume={61},
  number={2},
  pages={485--495},
  year={2012},
  publisher={IEEE}
}

@article{shi2019parallel,
  title={Parallel algorithms for butterfly computations},
  author={Shi, Jessica and Shun, Julian},
  journal={arXiv preprint arXiv:1907.08607},
  year={2019}
}

@inproceedings{wang2014rectangle,
  title={Rectangle counting in large bipartite graphs},
  author={Wang, Jia and Fu, Ada Wai-Chee and Cheng, James},
  booktitle={2014 IEEE International Congress on Big Data},
  pages={17--24},
  year={2014},
  organization={IEEE}
}

@inproceedings{sanei2018butterfly,
  title={Butterfly counting in bipartite networks},
  author={Sanei-Mehri, Seyed-Vahid and Sariyuce, Ahmet Erdem and Tirthapura, Srikanta},
  booktitle={Proceedings of the 24th ACM SIGKDD International Conference on Knowledge Discovery \& Data Mining},
  pages={2150--2159},
  year={2018}
}

@article{chiba1985arboricity,
  title={Arboricity and subgraph listing algorithms},
  author={Chiba, Norishige and Nishizeki, Takao},
  journal={SIAM Journal on computing},
  volume={14},
  number={1},
  pages={210--223},
  year={1985},
  publisher={SIAM}
}

@article{flum2004parameterized,
  title={The parameterized complexity of counting problems},
  author={Flum, J{\"o}rg and Grohe, Martin},
  journal={SIAM Journal on Computing},
  volume={33},
  number={4},
  pages={892--922},
  year={2004},
  publisher={SIAM}
}

@article{li2013recommendation,
  title={Recommendation as link prediction in bipartite graphs: A graph kernel-based machine learning approach},
  author={Li, Xin and Chen, Hsinchun},
  journal={Decision Support Systems},
  volume={54},
  number={2},
  pages={880--890},
  year={2013},
  publisher={Elsevier}
}

@inproceedings{yang2020efficient,
  title={Efficient Bi-triangle Counting for Large Bipartite Networks},
  author={Yang, Yixing and Fang, Yixiang and Orlowska, Maria E and Zhang, Wenjie and Lin, Xuemin},
  booktitle={Proceedings of ACM Conference (Conferenceâ€™17)},
  year={2020}
}
